<record><leader>00000cas a22000007a 4500</leader><controlfield tag="001">17359954</controlfield><controlfield tag="008">880119d193u1944iauwr ne      0    0eng d</controlfield><datafield ind1=" " ind2=" " tag="010"><subfield code="a">sn 88059013 </subfield></datafield><datafield ind1=" " ind2=" " tag="040"><subfield code="a">INP</subfield><subfield code="b">eng</subfield><subfield code="c">INP</subfield><subfield code="d">OCL</subfield><subfield code="d">OCLCQ</subfield></datafield><datafield ind1=" " ind2=" " tag="042"><subfield code="a">msc</subfield></datafield><datafield ind1="0" ind2="0" tag="245"><subfield code="a">Johnson County Democrat and Oxford leader.</subfield></datafield><datafield ind1=" " ind2=" " tag="260"><subfield code="a">Oxford, Iowa :</subfield><subfield code="b">M.E. Baker</subfield></datafield><datafield ind1=" " ind2=" " tag="310"><subfield code="a">Weekly</subfield></datafield><datafield ind1="1" ind2=" " tag="362"><subfield code="a">Ceased in July 1944.</subfield></datafield><datafield ind1=" " ind2=" " tag="588"><subfield code="a">Description based on: Vol. 45, no. 35 (July 18, 1935).</subfield></datafield><datafield ind1=" " ind2=" " tag="752"><subfield code="a">United States</subfield><subfield code="b">Iowa</subfield><subfield code="c">Johnson</subfield><subfield code="d">Oxford.</subfield></datafield><datafield ind1="0" ind2="4" tag="780"><subfield code="t">Johnson County Democrat (Oxford, Iowa)</subfield></datafield><datafield ind1="0" ind2="4" tag="780"><subfield code="t">Oxford leader</subfield><subfield code="w">(DLC)sn 88059012</subfield></datafield></record>